<record><leader>00000cas a2200000 a 4500</leader><controlfield tag="001">11320626</controlfield><controlfield tag="008">841029d18501853iluir ne      0   a0eng c</controlfield><datafield ind1=" " ind2=" " tag="010"><subfield code="a">sn 84038443 </subfield></datafield><datafield ind1=" " ind2=" " tag="040"><subfield code="a">NPX</subfield><subfield code="b">eng</subfield><subfield code="c">NPX</subfield><subfield code="d">NVF</subfield><subfield code="d">OCLCQ</subfield><subfield code="d">NVF</subfield><subfield code="d">OCLCO</subfield></datafield><datafield ind1="1" ind2=" " tag="029"><subfield code="a">AU@</subfield><subfield code="b">000025821825</subfield></datafield><datafield ind1=" " ind2=" " tag="042"><subfield code="a">pcc</subfield></datafield><datafield ind1=" " ind2=" " tag="043"><subfield code="a">n-us-il</subfield></datafield><datafield ind1="0" ind2="4" tag="245"><subfield code="a">The Galesburg news-letter.</subfield></datafield><datafield ind1="1" ind2="3" tag="246"><subfield code="a">Galesburg news-letter and Henry County news</subfield></datafield><datafield ind1="1" ind2="3" tag="246"><subfield code="a">Knox County newsletter</subfield></datafield><datafield ind1="3" ind2=" " tag="246"><subfield code="a">Galesburg newsletter</subfield></datafield><datafield ind1="3" ind2=" " tag="246"><subfield code="a">Galesburg newsletter and Henry County news</subfield></datafield><datafield ind1=" " ind2=" " tag="260"><subfield code="a">Galesburg, Knox County, Ill. :</subfield><subfield code="b">Eugene B. Hunt</subfield></datafield><datafield ind1=" " ind2=" " tag="300"><subfield code="a">v.</subfield></datafield><datafield ind1=" " ind2=" " tag="310"><subfield code="a">Triweekly</subfield></datafield><datafield ind1="1" ind2=" " tag="362"><subfield code="a">Began in 1850; ceased in 1853.</subfield></datafield><datafield ind1=" " ind2=" " tag="588"><subfield code="a">Description based on: Volume 1, number 40 (Apr. 28, 1851).</subfield></datafield><datafield ind1=" " ind2=" " tag="588"><subfield code="a">Latest issue consulted: Apr. 8, 1853</subfield></datafield><datafield ind1=" " ind2="0" tag="651"><subfield code="a">Galesburg (Ill.)</subfield><subfield code="v">Newspaper.</subfield></datafield><datafield ind1=" " ind2="0" tag="651"><subfield code="a">Henry County (Ill.)</subfield><subfield code="v">Newspaper.</subfield></datafield><datafield ind1=" " ind2="0" tag="651"><subfield code="a">Knox County (Ill.)</subfield><subfield code="v">Newspaper.</subfield></datafield><datafield ind1=" " ind2=" " tag="752"><subfield code="a">United States</subfield><subfield code="b">Illinois</subfield><subfield code="c">Knox</subfield><subfield code="d">Galesburg.</subfield></datafield></record>